<?xml version="1.0" encoding="UTF-8"?><record xmlns="http://www.loc.gov/MARC21/slim" xmlns:cinclude="http://apache.org/cocoon/include/1.0" xmlns:zs="http://www.loc.gov/zing/srw/">
  <leader>00529cz  a2200133n  4500</leader>
  <controlfield tag="001">n  99830583 </controlfield>
  <controlfield tag="003">DLC</controlfield>
  <controlfield tag="005">19990824150133.0</controlfield>
  <controlfield tag="008">990818n| acannaabn          |a ana      </controlfield>
  <datafield tag="010" ind1=" " ind2=" ">
    <subfield code="a">n  99830583 </subfield>
  </datafield>
  <datafield tag="040" ind1=" " ind2=" ">
    <subfield code="a">DLC</subfield>
    <subfield code="b">eng</subfield>
    <subfield code="c">DLC</subfield>
    <subfield code="d">DLC</subfield>
  </datafield>
  <datafield tag="110" ind1="2" ind2=" ">
    <subfield code="a">Weldon Owen Inc.</subfield>
  </datafield>
  <datafield tag="670" ind1=" " ind2=" ">
    <subfield code="a">; Encyclopedia of flowers, 1999:</subfield>
    <subfield code="b">CIP t.p. verso (Weldon Owen Inc., San Francisco, CA; copyr. by Weldon Owen Pty Ltd)</subfield>
  </datafield>
  <datafield tag="670" ind1=" " ind2=" ">
    <subfield code="a">E-mail from pub., Aug. 18, 1999</subfield>
    <subfield code="b">(Weldon Owen Inc. is their San Francisco office and Weldon Owen Pty Ltd is their Australian Office)</subfield>
  </datafield>
</record>